@inproceedings{adscape,
  title={Adscape: Harvesting and analyzing online display ads},
  author={Barford, Paul and Canadi, Igor and Krushevskaja, Darja and Ma, Qiang and Muthukrishnan, S},
  booktitle={Proceedings of the 23rd international conference on World wide web},
  pages={597--608},
  year=2014,
  organization={ACM}
}

@misc{iab2016,
  title={{IAB internet advertising revenue report: 2016 first six months results}},
  author={PricewaterhouseCoopers},
  year=2016,
  publisher={Interactive Advertising Bureau},
  howpublished="\url{http://www.iab.com/wp-content/uploads/2016/04/IAB_Internet_Advertising_Revenue_Report_HY_2016___.pdf}",
}             

@inproceedings{malloy,
  title={Ad Blockers: Global Prevalence and Impact},
  author={Malloy, Matthew and McNamara, Mark and Cahn, Aaron and Barford, Paul},
  booktitle={Proceedings of the 2016 ACM on Internet Measurement Conference},
  pages={119--125},
  year={2016},
  organization={ACM}
}

@inproceedings{walls2015measuring,
  title={Measuring the impact and perception of acceptable advertisements},
  author={Walls, Robert J and Kilmer, Eric D and Lageman, Nathaniel and McDaniel, Patrick D},
  booktitle={Proceedings of the 2015 ACM Conference on Internet Measurement Conference},
  pages={107--120},
  year={2015},
  organization={ACM}
}

@inproceedings{pujol,
  title={Annoyed users: Ads and ad-block usage in the wild},
  author={Pujol, Enric and Hohlfeld, Oliver and Feldmann, Anja},
  booktitle={Proceedings of the 2015 ACM Conference on Internet Measurement Conference},
  pages={93--106},
  year=2015,
  organization={ACM}
}

@misc{iab-blockers,
  title={IAB Ad Blocking Report: Who Blocks Ads, Why, and How to Win Them Back},
  year=2016,
  publisher={Interactive Advertising Bureau},
  howpublished="\url{https://www.iab.com/insights/ad-blocking-blocks-ads-win-back/}",
}

@misc{pagefair,
  title={Adblocking Goes Mobile},
  year=2016,
  publisher={PageFair},
  howpublished="\url{https://pagefair.com/downloads/2016/05/Adblocking-Goes-Mobile.pdf}",
}

@misc{lumascape,
  title={Display {LUMAscape}},
  author={Kawaja, Terence},
  year={2014},
  howpublished="\url{http://www.lumapartners.com/lumascapes/display-ad-tech-lumascape/}",
}


@article{book2015empirical,
  title={An empirical study of mobile ad targeting},
  author={Book, Theodore and Wallach, Dan S},
  journal={arXiv preprint arXiv:1502.06577},
  year={2015}
}


@inproceedings{chakraborty2010selective,
  title={Selective call out and real time bidding},
  author={Chakraborty, Tanmoy and Even-Dar, Eyal and Guha, Sudipto and Mansour, Yishay and Muthukrishnan, S},
  booktitle={International Workshop on Internet and Network Economics},
  pages={145--157},
  year={2010},
  organization={Springer}
}



@article{nyt,
  title={Paying for what was free: Lessons from the New York Times paywall},
  author={Cook, Jonathan E and Attari, Shahzeen Z},
  journal={Cyberpsychology, Behavior, and Social Networking},
  volume=15,
  number=12,
  pages={682--687},
  year=2012,
  publisher={Mary Ann Liebert, Inc. 140 Huguenot Street, 3rd Floor New Rochelle, NY 10801 USA}
}

@misc{iabq3,
  title={Q3 2016 Internet Ad Revenues Announcement},
  year=2016,
  publisher={IAB},
  howpublished="\url{https://www.iab.com/news/q3-2016-internet-ad-revenues-hit-17-6-billion-climbing-20-year-year-according-iab/}",
}

@misc{abp,
  title={abp},
  year=2016,
  publisher={Adblock Plus},
  howpublished="\url{https://adblockplus.org/}",
}

@misc{gwi,
  title={37\% of mobile users are blocking ads},
  year=2016,
  publisher={Global Web Index},
  howpublished="\url{https://www.globalwebindex.net/blog/37-of-mobile-users-are-blocking-ads/}",
}

@misc{whitelist,
  title={Google, Microsoft, and Amazon are paying Adblock Plus huge fees to get their ads unblocked},
  year=2015,
  publisher={Business Insider},
  howpublished="\url{http://www.businessinsider.com/google-microsoft-amazon-taboola-pay-adblock-plus-to-stop-blocking-their-ads-2015-2}",
}

@misc{axel,
  title={Adblock Plus' revenue model was just ruled illegal by a German court},
  year=2016,
  publisher={Business Insider},
  howpublished="\url{http://www.businessinsider.com/r-german-court-hands-springer-partial-victory-in-ad-blocking-case-2016-6}",
}

@misc{contributor,
  title={Google Contributor},
  howpublished="\url{https://contributor.google.com/}",
}

@misc{brave,
  title={Brave},
  howpublished="\url{https://brave.com/}",
}

@misc{sourcepoint,
  title={Sourcepoint},
  howpublished="\url{https://www.sourcepoint.com/}",
}
                  
@misc{blendle,
  title={Blendle},
  howpublished="\url{https://blendle.com}",
}

@misc{flattrplus,
  title={Flattr Plus},
  howpublished="\url{https://flattrplus.com/}",
}
                  

@misc{autotip,
  title={AutoTip},
  howpublished="\url{https://autotip.io/}",
}

@misc{atri, 
  title={Atri},
  howpublished="\url{https://atri.me/}",
}


@misc{satoshi, 
  title={SatoshiPay},
  howpublished="\url{https://satoshipay.io/}",
}

@inproceedings{anonize,
  title={ANONIZE: A large-scale anonymous survey system},
  author={Hohenberger, Susan and Myers, Steven and Pass, Rafael and others},
  booktitle={Security and Privacy (SP), 2014 IEEE Symposium on},
  pages={375--389},
  year={2014},
  organization={IEEE}
}

@misc{adsense,
  title={Google AdSense},
  howpublished="\url{https://www.google.com/adsense/}",
}

@misc{w3c,
  title={Common Markup for micropayment per-fee-links, W3C},
  author={Michel, T},
  year={1999},
  publisher={August}
}


@inproceedings{peppercoin,
  title={Peppercoin micropayments},
  author={Rivest, Ronald L},
  booktitle={International Conference on Financial Cryptography},
  pages={2--8},
  year={2004},
  organization={Springer}
}